@INPROCEEDINGS{5374808, 
author={Lei Yunqi and Jiang Xutuan and Shi Zhenxiang and Chen Dongjie and Li Qingmin}, 
booktitle={Computer Network and Multimedia Technology, 2009. CNMT 2009. International Symposium on}, 
title={Face Recognition Method Based on SURF Feature}, 
year={2009}, 
month={Jan}, 
pages={1-4}, 
keywords={face recognition;feature extraction;matrix algebra;Euclidean distance;FLD method;Fisher linear discriminant method;ORL face databases;SURF feature;UMIST face databases;face recognition;feature extraction;quadratic features;speeded-up robust feature;Computer science;Computer vision;Face recognition;Feature extraction;Filters;Image recognition;Kernel;Lighting;Real time systems;Robustness}, 
doi={10.1109/CNMT.2009.5374808},}

@INPROCEEDINGS{6417913, 
author={Djelal, N. and Saadia, N. and Ramdane-Cherif, A.}, 
booktitle={Communications, Computing and Control Applications (CCCA), 2012 2nd International Conference on}, 
title={Target tracking based on SURF and image based visual servoing}, 
year={2012}, 
month={Dec}, 
pages={1-5}, 
keywords={Jacobian matrices;cameras;feature extraction;robot kinematics;robot vision;target tracking;velocity control;visual servoing;Jacobian matrix;SURF algorithm;camera frame velocity;camera kinematics screw;feature extraction;image based visual servoing;image rotation;image scale;robot articulation joint;speed up robust features;target tracking;turret pan-tilt system;visual servoing control law;Cameras;Equations;Feature extraction;Target tracking;Visual servoing;Visualization;Image based visual servoing;SURF;Turet Pan-Tilit;object tracking}, 
doi={10.1109/CCCA.2012.6417913},}

@INPROCEEDINGS{6466854, 
author={Kudo, S. and Koga, H. and Yokoyama, T. and Watanabe, T.}, 
booktitle={Image Processing (ICIP), 2012 19th IEEE International Conference on}, 
title={Robust automatic video object segmentation with graphcut assisted by SURF features}, 
year={2012}, 
month={Sept}, 
pages={297-300}, 
keywords={graph theory;image colour analysis;image motion analysis;image segmentation;video signal processing;SURF features;color cue;graphcut segmentation;motion cue;robust automatic video object segmentation;Color;Image color analysis;Image segmentation;Motion segmentation;Object segmentation;Robustness;Switches;Graphcut;Illumination change;SURF features;Video object segmentation}, 
doi={10.1109/ICIP.2012.6466854}, 
ISSN={1522-4880},}

@INPROCEEDINGS{6469511, 
author={Dawood, M. and Cappelle, C. and El Najjar, M.E. and Khalil, M. and Pomorski, D.}, 
booktitle={Image Processing Theory, Tools and Applications (IPTA), 2012 3rd International Conference on}, 
title={Harris, SIFT and SURF features comparison for vehicle localization based on virtual 3D model and camera}, 
year={2012}, 
month={Oct}, 
pages={307-312}, 
keywords={Global Positioning System;Kalman filters;distance measurement;feature extraction;image matching;image sequences;nonlinear filters;pose estimation;road traffic;traffic engineering computing;transforms;video cameras;video signal processing;virtual reality;GPS measurement;GPS receiver;Harris corner;IMM-UKF;POSIT algorithm;SIFT feature;SURF feature;dead-reckoning localization;feature comparison;gyrometer;image representation;image sequence;interacting multiple model-unscented Kalman filter;odometer;pose estimation algorithm;proprioceptive sensor;scale invariant feature transform;speed up robust feature;vehicle dead-reckoning position;vehicle geo-localization method;vehicle navigation environment;vehicle orientation;video camera;virtual 3D city model;virtual image matching;Cameras;Computational modeling;Data models;Feature extraction;Global Positioning System;Solid modeling;Vehicles;Camera;Data Fusion and Registration;GPS;Image processing;Vehicle localization;Virtual 3D City Model}, 
doi={10.1109/IPTA.2012.6469511}, 
ISSN={2154-5111},}

@article{lowe2004distinctive,
  title={Distinctive image features from scale-invariant keypoints},
  author={Lowe, David G},
  journal={International journal of computer vision},
  volume={60},
  number={2},
  pages={91--110},
  year={2004},
  publisher={Springer}
}

@incollection{bay2006surf,
  title={Surf: Speeded up robust features},
  author={Bay, Herbert and Tuytelaars, Tinne and Van Gool, Luc},
  booktitle={Computer Vision--ECCV 2006},
  pages={404--417},
  year={2006},
  publisher={Springer}
}

@article{trajkovic1998fast,
  title={Fast corner detection},
  author={Trajkovi{\'c}, Miroslav and Hedley, Mark},
  journal={Image and vision computing},
  volume={16},
  number={2},
  pages={75--87},
  year={1998},
  publisher={Elsevier}
}

@inproceedings{rublee2011orb,
  title={ORB: an efficient alternative to SIFT or SURF},
  author={Rublee, Ethan and Rabaud, Vincent and Konolige, Kurt and Bradski, Gary},
  booktitle={Computer Vision (ICCV), 2011 IEEE International Conference on},
  pages={2564--2571},
  year={2011},
  organization={IEEE}
}

@inproceedings{leutenegger2011brisk,
  title={BRISK: Binary robust invariant scalable keypoints},
  author={Leutenegger, Stefan and Chli, Margarita and Siegwart, Roland Yves},
  booktitle={Computer Vision (ICCV), 2011 IEEE International Conference on},
  pages={2548--2555},
  year={2011},
  organization={IEEE}
}

@inproceedings{alahi2012freak,
  title={Freak: Fast retina keypoint},
  author={Alahi, Alexandre and Ortiz, Raphael and Vandergheynst, Pierre},
  booktitle={Computer Vision and Pattern Recognition (CVPR), 2012 IEEE Conference on},
  pages={510--517},
  year={2012},
  organization={Ieee}
}

@article{muja2014scalable,
  title={Scalable Nearest Neighbour Algorithms for High Dimensional Data},
  author={Muja, Marius and Lowe, David},
  year={2014},
  publisher={IEEE}
}

@inproceedings{muja2012fast,
  title={Fast matching of binary features},
  author={Muja, Marius and Lowe, David G},
  booktitle={Computer and Robot Vision (CRV), 2012 Ninth Conference on},
  pages={404--410},
  year={2012},
  organization={IEEE}
}

@inproceedings{muja2009fast,
  title={Fast Approximate Nearest Neighbors with Automatic Algorithm Configuration.},
  author={Muja, Marius and Lowe, David G},
  booktitle={VISAPP (1)},
  pages={331--340},
  year={2009}
}
